% This file was created with JabRef 2.3.1.
% Encoding: UTF-8

@BOOK{Hamilton1994,
  title = {Time series analysis},
  publisher = {Princeton University Press},
  year = {1994},
  editor = {Princeton University Press},
  author = {Hamilton, J.},
  owner = {mat},
  timestamp = {2008.03.27}
}

@BOOK{KleiberZeileis2008,
  title = {Applied Econometrics with {R}},
  publisher = {Springer-Verlag},
  year = {2008},
  author = {Christian Kleiber and Achim Zeileis},
  address = {New York},
  url = {http://CRAN.R-project.org/package=AER}
}

@ARTICLE{Micheaux2009,
  author = {Pierre Lafaye de Micheaux and Benoit Liquet},
  title = {ConvergenceConcepts : an R Package to Investigate Various Modes of
	Convergence},
  journal = {The R Journal},
  year = {2009},
  volume = {1},
  pages = {18-25},
  number = {2},
  month = {December},
  url = {http://journal.r-project.org/archive/2009-2/RJournal_2009-2_Lafaye~de~Micheaux+Liquet.pdf}
}

@ARTICLE{PhillipsXiao1998,
  author = {Phillips, Peter C B and Xiao, Zhijie},
  title = { A Primer on Unit Root Testing},
  journal = {Journal of Economic Surveys},
  year = {1998},
  volume = {12},
  pages = {423-69},
  number = {5},
  month = {December}
}

@BOOK{MaddalaKim1998,
  title = {Unit roots, Cointegration and Structural Change},
  publisher = {Cambridge University Press},
  year = {1998},
  editor = {Cambridge University Press},
  author = {G. S. Maddala and I-M. Kim}
}

@ARTICLE{ERS1996,
  author = {Elliott, G. and Rothenberg, T.J. and Stock, J.H.},
  title = {Efficient Tests for an Autoregressive Unit Root},
  journal = {Econometrica},
  year = {1996},
  volume = {64},
  pages = {813-836},
  number = {4}
}

@ARTICLE{NgPerron2001,
  author = {Serena Ng and Pierre Perron},
  title = {LAG Length Selection and the Construction of Unit Root Tests with
	Good Size and Power},
  journal = {Econometrica},
  year = {2001},
  volume = {69},
  pages = {1519-1554},
  number = {6},
  month = {November}
}

@Article{PerronQu2007,
  author={Perron, Pierre and Qu, Zhongjun},
  title={A simple modification to improve the finite sample properties of Ng and Perron's unit root tests},
  journal={Economics Letters},
  year=2007,
  volume={94},
  number={1},
  pages={12-19},
  month={January}
}

@Article{Hansen1995,
  author={Hansen, Bruce E.},
  title={Rethinking the Univariate Approach to Unit Root Testing: Using Covariates to Increase Power},
  journal={Econometric Theory},
  year=1995,
  volume={11},
  number={05},
  pages={1148-1171},
  month={October}
}

@ARTICLE{Lupi2009,
  author = {Claudio Lupi},
  title = {Unit Root CADF Testing with R},
  journal = {Journal of Statistical Software},
  year = {2009},
  volume = {32(2)},
  number = {i02},
  url = {http://ideas.repec.org/a/jss/jstsof/32i02.html}
}

@BOOK{PfaffBook2008,
  title = {Analysis of Integrated and Cointegrated Time Series with R},
  publisher = {Springer},
  year = {2008},
  author = {B. Pfaff},
  address = {New York},
  edition = {Second},
  note = {ISBN 0-387-27960-1},
  url = {http://www.pfaffikus.de}
}

@ARTICLE{KPSS,
  author = {Kwiatkowski, D. and Phillips, P.C.B. and Schmidt, P. and Shin, Y.},
  title = {Testing the Null Hypothesis of Stationarity Against the Alternative
	of a Unit Root: How Sure Are We That Economic Time Series Have a
	Unit Root?},
  journal = {Journal of Econometrics},
  year = {1992},
  volume = {54},
  pages = {159-178},
  owner = {mat},
  timestamp = {2008.02.26}
}

